
@article{connelly_blowing_2003,
	title = {Blowing Up Polygonal Linkages},
	volume = {30},
	issn = {0179-5376, 1432-0444},
	doi = {10.1007/s00454-003-0006-7},
	pages = {205--239},
	number = {2},
	journaltitle = {Discrete and Computational Geometry},
	shortjournal = {Discrete and Computational Geometry},
	author = {Connelly, Robert and Demaine, Erik D. and Rote, GÃ¼nter},
	date = {2003-08-01},
}